%%%%%%%%%%%%%%%%%%%%%%%
% YUPIK NMT CITATIONS %
%%%%%%%%%%%%%%%%%%%%%%%


%% Multilingual NMT for 6k sentence corpora

@article{gu2018universal,
  title={Universal neural machine translation for extremely low resource languages},
  author={Gu, Jiatao and Hassan, Hany and Devlin, Jacob and Li, Victor OK},
  journal={arXiv preprint arXiv:1802.05368},
  year={2018}
}

%% Sennrich on low resource NMT

@article{sennrich2019revisiting,
  title={Revisiting Low-Resource Neural Machine Translation: A Case Study},
  author={Sennrich, Rico and Zhang, Biao},
  journal={arXiv preprint arXiv:1905.11901},
  year={2019}
}

%% Micher's PhD thesis proposal (Inuit MT)

@techreport{micher2018addressing,
  title={Addressing Challenges of Machine Translation of Inuit Languages},
  author={Micher, Jeffrey C},
  year={2018},
  institution={US Army Research Laboratory Adelphi United States}
}

%% Transfer learning for low resource NMT

@article{zoph2016transfer,
  title={Transfer learning for low-resource neural machine translation},
  author={Zoph, Barret and Yuret, Deniz and May, Jonathan and Knight, Kevin},
  journal={arXiv preprint arXiv:1604.02201},
  year={2016}
}

%% Out-of-domain parallel data for Low-resource MT

@article{imankulova2019exploiting,
  title={Exploiting Out-of-Domain Parallel Data through Multilingual Transfer Learning for Low-Resource Neural Machine Translation},
  author={Imankulova, Aizhan and Dabre, Raj and Fujita, Atsushi and Imamura, Kenji},
  journal={arXiv preprint arXiv:1907.03060},
  year={2019}
}

%% OpenNMT citation

@article{klein2017opennmt,
  title={Opennmt: Open-source toolkit for neural machine translation},
  author={Klein, Guillaume and Kim, Yoon and Deng, Yuntian and Senellart, Jean and Rush, Alexander M},
  journal={arXiv preprint arXiv:1701.02810},
  year={2017}
}

%% Sennrich BPE

@article{sennrich2015neural,
  title={Neural machine translation of rare words with subword units},
  author={Sennrich, Rico and Haddow, Barry and Birch, Alexandra},
  journal={arXiv preprint arXiv:1508.07909},
  year={2015}
}

%% Comparing RNN and Transformers for multilingual NMT

@article{lakew2018comparison,
  title={A comparison of transformer and recurrent neural networks on multilingual neural machine translation},
  author={Lakew, Surafel M and Cettolo, Mauro and Federico, Marcello},
  journal={arXiv preprint arXiv:1806.06957},
  year={2018}
}

%% Attention is all you need

@article{lakew2018comparison,
  title={A comparison of transformer and recurrent neural networks on multilingual neural machine translation},
  author={Lakew, Surafel M and Cettolo, Mauro and Federico, Marcello},
  journal={arXiv preprint arXiv:1806.06957},
  year={2018}
}

