@article{Bansal:19,
	author={Bansal, Sameer and Kamper, Herman and Livescu, Karen and Lopez, Adam and Goldwater, Sharon},
	year={2019},
	title={Pre-training on high-resource speech recognition improves low-resource speech-to-text translation},
	DOI={10.18653/v1/n19-1006},
	journal={Proceedings of the 2019 Conference of the North}
}

@article{Weiss:17,
	author={Weiss, Ron J. and Chorowski, Jan and Jaitly, Navdeep and Wu, Yonghui and Chen, Zhifeng},
	year={2017},
	title={Sequence-to-Sequence Models Can Directly Translate Foreign Speech},
	DOI={10.21437/interspeech.2017-503},
	journal={Interspeech 2017}
}

@article{Bansal:18,
	author={Bansal, Sameer and Kamper, Herman and Livescu, Karen and Lopez, Adam and Goldwater, Sharon},
	year={2018},
	title={Low-Resource Speech-to-Text Translation},
	DOI={10.21437/interspeech.2018-1326},
	journal={Interspeech 2018}
}

@article{Anastasopoulos:18,
	author={Anastasopoulos, Antonios and Chiang, David},
	year={2018},
	title={Tied Multitask Learning for Neural Speech Translation},
	DOI={10.18653/v1/n18-1008},
	journal={Proceedings of the 2018 Conference of the North American Chapter of the Association for Computational Linguistics: Human Language Technologies, Volume 1 (Long Papers)}
}

@article{Berard:18,
	author={B{\'e}rard, Alexandre and Besacier, Laurent and Kocabiyikoglu, Ali Can and Pietquin, Olivier},
	year={2018},
	title={End-to-End Automatic Speech Translation of Audiobooks},
	DOI={10.1109/icassp.2018.8461690},
	journal={2018 IEEE International Conference on Acoustics, Speech and Signal Processing (ICASSP)}
}

@article{Deng:13,
	author={Deng, Li and Li, Jinyu and Huang, Jui-Ting and Yao, Kaisheng and Yu, Dong and Seide, Frank and Seltzer, Michael and Zweig, Geoff and He, Xiaodong and Williams, Jason and et al.},
	year={2013},
	title={Recent advances in deep learning for speech research at Microsoft},
	DOI={10.1109/icassp.2013.6639345},
	journal={2013 IEEE International Conference on Acoustics, Speech and Signal Processing}
}

@article{Zoph:16,
	author={Zoph, Barret and Yuret, Deniz and May, Jonathan and Knight, Kevin},
	year={2016},
	title={Transfer Learning for Low-Resource Neural Machine Translation},
	DOI={10.18653/v1/d16-1163},
	journal={Proceedings of the 2016 Conference on Empirical Methods in Natural Language Processing}
}

@article{Johnson:17,
	author={Johnson, Melvin and Schuster, Mike and Le, Quoc V. and Krikun, Maxim and Wu, Yonghui and Chen, Zhifeng and Thorat, Nikhil and Viégas, Fernanda and Wattenberg, Martin and Corrado, Greg and et al.},
	year={2017},
	title={Google’s Multilingual Neural Machine Translation System: Enabling Zero-Shot Translation},
	volume={5},
	DOI={10.1162/tacl_a_00065},
	journal={Transactions of the Association for Computational Linguistics}
}

@article{Miao:13,
	author={Miao, Yajie and Metze, Florian and Rawat, Shourabh},
	year={2013},
	title={Deep maxout networks for low-resource speech recognition},
	DOI={10.1109/asru.2013.6707763},
	journal={2013 IEEE Workshop on Automatic Speech Recognition and Understanding}
}

@article{Thomas:13,
	author={Thomas, Samuel and Seltzer, Michael L. and Church, Kenneth and Hermansky, Hynek},
	year={2013},
	title={Deep neural network features and semi-supervised training for low resource speech recognition},
	DOI={10.1109/icassp.2013.6638959},
	journal={2013 IEEE International Conference on Acoustics, Speech and Signal Processing}
}

@article{Thomas:16,
	author={Thomas, Samuel and Audhkhasi, Kartik and Cui, Jia and Kingsbury, Brian and Ramabhadran, Bhuvana},
	year={2016},
	title={Multilingual Data Selection for Low Resource Speech Recognition},
	DOI={10.21437/interspeech.2016-598},
	journal={Interspeech 2016}
}

@article{Chen:15,
	author={Chen, Dongpeng and Mak, Brian},
	year={2015},
	title={Multi-task Learning of Deep Neural Networks for Low-resource Speech Recognition},
	DOI={10.1109/taslp.2015.2422573},
	journal={IEEE/ACM Transactions on Audio, Speech, and Language Processing}
}